<record><leader>00000cas a22000007a 4500</leader><controlfield tag="001">14907598</controlfield><controlfield tag="008">861201d19191929wiuwr ne      0    0eng d</controlfield><datafield ind1=" " ind2=" " tag="010"><subfield code="a">sn 86086815 </subfield></datafield><datafield ind1=" " ind2=" " tag="040"><subfield code="a">NPV</subfield><subfield code="b">eng</subfield><subfield code="c">NPV</subfield><subfield code="d">OCLCQ</subfield></datafield><datafield ind1=" " ind2=" " tag="042"><subfield code="a">msc</subfield></datafield><datafield ind1="0" ind2="4" tag="245"><subfield code="a">The Taylor County leader.</subfield></datafield><datafield ind1="3" ind2="0" tag="246"><subfield code="a">Leader</subfield></datafield><datafield ind1=" " ind2=" " tag="260"><subfield code="a">Medford, Wis. :</subfield><subfield code="b">Wheelock &amp; Andresen,</subfield><subfield code="c">1919-1929.</subfield></datafield><datafield ind1=" " ind2=" " tag="300"><subfield code="a">v.</subfield></datafield><datafield ind1=" " ind2=" " tag="310"><subfield code="a">Weekly</subfield></datafield><datafield ind1="0" ind2=" " tag="362"><subfield code="a">37th year, no. 1905 (July 3, 1919)-46th year, no. 2406 (July 11, 1929).</subfield></datafield><datafield ind1=" " ind2=" " tag="752"><subfield code="a">United States</subfield><subfield code="b">Wisconsin</subfield><subfield code="c">Taylor</subfield><subfield code="d">Medford.</subfield></datafield><datafield ind1="0" ind2="4" tag="785"><subfield code="t">Taylor County star-news</subfield><subfield code="w">(DLC)sn 86086817</subfield></datafield></record>